<?xml version="1.0" encoding="UTF-8"?><collection xmlns="http://www.loc.gov/MARC21/slim"><record><leader>00581nam--2200181-u-4500</leader><controlfield tag="001">000056632</controlfield><controlfield tag="002">20161230</controlfield><controlfield tag="005">20161230201052</controlfield><controlfield tag="008">160404s1000------------r-----000-0-eng-d</controlfield><datafield ind1=" " ind2=" " tag="040"><subfield code="a">IFIN-HH</subfield></datafield><datafield ind1=" " ind2=" " tag="080"><subfield code="a">538.9:546.3</subfield></datafield><datafield ind1="1" ind2=" " tag="100"><subfield code="a">Jehn, H</subfield></datafield><datafield ind1="1" ind2="0" tag="245"><subfield code="a">ZAED GASES IN CARBON METALS (THERMODYNAMICS, KINETICS, AND PROPERTIES) RT. X: GROUP VI A METALS (1) CHROMIUM, TUNGSTEN (Cr, W)</subfield><subfield code="c">H. jehn, h. speck, e. fromm, g. horz</subfield></datafield><datafield ind1=" " ind2=" " tag="260"><subfield code="a">Karlsruhe</subfield><subfield code="b">Fackinformationszentrum</subfield><subfield code="c">1980</subfield></datafield><datafield ind1=" " ind2=" " tag="300"><subfield code="a">60P</subfield></datafield><datafield ind1=" " ind2=" " tag="490"><subfield code="a">Physik Daten Physics Data 5-10 1980</subfield></datafield><datafield ind1="1" ind2=" " tag="700"><subfield code="a">Horz, G</subfield></datafield><datafield ind1=" " ind2=" " tag="852"><subfield code="a">47445</subfield></datafield></record></collection>